@article{Hirayama2014,
  author  = {Hirayama, Hiroshi},
  journal = {IPSJ SIG Technical Report},
  number  = {22},
  pages   = {1--7},
  title   = {{Double-double Type Quadruple Precision Arithmetic Library for C++ Languages and its Application}},
  volume  = {2014-HPC-1},
  year    = {2014}
}
@article{Hida2001,
  author = {Hida, Yozo and Li, Sherry and Bailey, David},
  year   = {2001},
  title  = {Quad-Double Arithmetic: Algorithms, Implementation, and Application}
}
@article{Hisashi2006,
  author  = {Hisashi, Kotakemori and Akihiro, Fujii and Hidehiko, Hasegawa and Akira, Nishida},
  journal = {IPSJ SIG Technical Report},
  pages   = {7--12},
  title   = {{Fast Quad Precision Iterative Solver Library Lis using SSE2}},
  volume  = {108},
  year    = {2006}
}
@article{Naoya2012,
  author  = {山中 脩也 and 大石 進一},
  journal = {数理解析研究所講究録},
  pages   = {216--225},
  title   = {{倍精度に基づく四倍精度四則演算法の誤差とその応用}},
  volume  = {1791},
  year    = {2012}
}
@article{Naoya2012s,
  author  = {山中 脩也 and 大石 進一},
  journal = {2012年ハイパフォーマンスコンピューティングと計算科学シンポジウム},
  title   = {{倍精度演算に基づく四倍精度除算・平方根計算法}},
  year    = {2012}
}
@book{Luenberger2003,
  author    = {Luenberger, David G.},
  title     = {Linear and Nonlinear Programming},
  edition   = {2nd},
  publisher = {Kluwer Academic Publishers},
  year      = {2003}
}
@book{Boyd2004,
  author    = {Boyd, Stephen and Vandenberghe, Lieven},
  title     = {Convex Optimization},
  publisher = {Cambridge University Press},
  year      = {2004}
}
@book{Fukushima2001,
  author    = {福島 雅夫},
  title     = {非線形最適化の基礎},
  publisher = {株式会社朝倉書店},
  edition   = {第 12 版},
  year      = {2001}
}
@book{Press2007,
  author    = {Press, William H. and Teukolsky, Saul A. and Vetterling, William T. and Flannery, Brian P.},
  title     = {Numerical Recipes : The Art of Scientific Computing},
  publisher = {Cambridge University Press},
  edition   = {3rd},
  year      = {2007}
}
@article{Jones1993,
  author  = {Jones, D. R. and Perttunen, C. D. and Stuckman, B. E.},
  journal = {Journal of Optimization Theory and Application},
  title   = {Lipschitzian Optimization Without the Lipschitz Constant},
  volume  = {79},
  number  = {1},
  year    = {1993}
}
@article{Gablonsky2001,
  author  = {Gablonsky, J. M. and Kelley, C. T.},
  journal = {Journal of Global Optimization},
  title   = {A Locally-Biased Form of the DIRECT Algorithm},
  volume  = {21},
  pages   = {27 -- 37},
  year    = {2001}
}
